@book{ref:PartPhysLHCEra,
  title = {Particle Physics in the LHC Era},
  author = {Barr, G. and Devenish, R. and Walczak, R. and Weidberg, T.},
  publisher = {Oxford University Press},
  year = {2016}
}

@book{ref:CahnGoldhaber,
  title = {The Experimental Foundations of Particle Physics},
  author = {Cahn, R. and Goldhaber, G.},
  publisher = {Cambridge University Press},
  year = {2009}
}

@book{ref:WilleAccelerators,
  title = {The Physics of Particle Accelerators},
  author = {Wille, K.},
  publisher = {Oxford University Press},
  year = {2000}
}

@book{ref:SchopperLEP,
  title = {LEP - The Lord of the Collider Rings at CERN 1980-2000},
  author = {Schopper, H.},
  publisher = {Springer-Verlag Berlin Heiderlberg},
  year = {2009},
  doi = {10.1007/978-3-540-89301-1},
  doiurl = {https://doi.org/10.1007/978-3-540-89301-1}
}

@book{ref:TevatronPhysics,
  title = {Accelerator Physics at the Tevatron Collider},
  author = {Lebedev, V. and Shiltsev, V.},
  publisher = {Springer-Verlag New York},
  year = {2014},
  doi = {10.1007/978-1-4939-0885-1},
  doiurl = {https://doi.org/10.1007/978-1-4939-0885-1}
}

@book{ref:HalzenMartin,
  title = {Quarks \& Leptons: An introductory course in modern
  particle physics},
  author = {Halzen, F. and Martin, A.},
  publisher = {John Wiley \& Sons},
  year = {1984}
}

@book{ref:WaldGR,
  title = {General Relativity},
  author = {Wald, R.},
  publisher = {University of Chicago Press},
  year = {1984}
}

@book{ref:BargerPhillips,
  title = {Collider Physics},
  author = {Barger, V. and Phillips, R.},
  publisher = {Westview Press},
  year = {1996}
}

@book{ref:PeskinSchroeder,
  title = {An Introduction to Quantum Field Theory},
  author = {Peskin, M. and Schroeder, D.},
  publisher = {Westview Press},
  year = {1995}
}

@book{ref:Srednicki,
  title = {Quantum Field Theory},
  author = {Srednicki, M.},
  publisher = {Cambridge University Press},
  year = {2007}
}

@book{ref:Schwartz,
  title = {Quantum Field Theory and the Standard Model},
  author = {Schwartz, M.},
  publisher = {Cambridge University Press},
  year = {2013}
}

@article{ref:PDG,
  title = {The Review of Particle Physics},
  author = {Tanabashi, M. and others},
  journal = {Phys. Rev. D},
  volume = {98},
  pages = {030001},
  year = {2018},
  doi = {10.1103/PhysRevD.98.030001},
  doiurl = {https://doi.org/10.1103/PhysRevD.98.030001}
}

@article{ref:Nucl.Phys.0550-3213_87_90685-7,
  title = {Probing the weak boson sector in
  $e^{\mathrm{+}}e^{\mathrm{-}} \to W^{\mathrm{+}}W^{\mathrm{-}}$},
  author = {Hagiwara, K. and Peccei, R. and Zeppenfeld, D. and Hikasa, K.},
  journal = {Nucl. Phys.},
  volume = {282},
  pages = {253},
  year = {1987},
  doi = {10.1016/0550-3213(87)90685-7},
  doiurl = {https://doi.org/10.1016/0550-3213(87)90685-7}
}

@article{ref:PhysRevD.47.4889,
  title = {Probing the weak boson sector in \PZ\Pgamma\ production
  at hadron colliders},
  author = {Baur, U. and Berger, E.},
  journal = {Phys. Rev. D},
  volume = {47},
  pages = {4889},
  year = {1993},
  doi = {10.1103/PhysRevD.47.4889},
  doiurl = {https://doi.org/10.1103/PhysRevD.47.4889}
}

@article{ref:PhysRevD.62.113011,
  title = {Probing neutral gauge boson self-interactions in \PZ\PZ\ production
  at hadron colliders},
  author = {Baur, U. and Rainwater, D.},
  journal = {Phys. Rev. D},
  volume = {62},
  pages = {113011},
  year = {2000},
  doi = {10.1103/PhysRevD.62.113011},
  doiurl = {https://doi.org/10.1103/PhysRevD.62.113011},
  eprint = {hep-ph/0008063},
  archivePrefix = {arXiv}
}

@article{ref:j.physrep.2013.07.004,
  title = {Electroweak measurements in electron-positron collisions at W-boson-pair
  energies at LEP},
  author = {{The ALEPH Collaboration} and {The DELPHI collaboration} and {The L3 Collaboration} and
  {The OPAL Collaboration} and {The LEP Electroweak Working Group}},
  journal = {Phys. Rep.},
  volume = {532},
  pages = {119},
  year = {2013},
  doi = {10.1016/j.physrep.2013.07.004},
  doiurl = {https://doi.org/10.1016/j.physrep.2013.07.004},
  eprint = {1302.3415},
  archivePrefix = {arXiv}
}

@article{ref:j.physletb.2004.07.002,
  title = {Study of the $e^{\mathrm{+}}e^{\mathrm{-}} \to \PZ\Pgamma$ process at LEP and limits on
  triple neutral-gauge-boson couplings},
  author = {{L3 Collaboration}},
  journal = {Phys. Lett. B},
  volume = {597},
  pages = {119},
  year = {2004},
  doi = {10.1016/j.physletb.2004.07.002},
  doiurl = {https://doi.org/10.1016/j.physletb.2004.07.002}
}

@article{ref:PhysRevD.89.056011,
  title = {Confronting the Fermi Line with LHC data: an Effective Theory of Dark Matter Interaction
  with Photons},
  author = {Nelson, A. and others},
  journal = {Phys. Rev. D},
  volume = {89},
  year = {2014},
  pages = {056011},
  doi = {10.1103/PhysRevD.89.056011},
  doiurl = {https://doi.org/10.1103/PhysRevD.89.056011},
  eprint = {1307.5064},
  archivePrefix = {arXiv}
}

@article{ref:j.aop.2013.04.016,
  title = {Effective field theory: A modern approach to anomalous couplings},
  author = {Degrande, C. and others},
  journal = {Annals of Phys.},
  volume = {335},
  year = {2013},
  pages = {21},
  doi = {10.1016/j.aop.2013.04.016},
  doiurl = {https://doi.org/10.1016/j.aop.2013.04.016},
  eprint = {1205.4231},
  archivePrefix = {arXiv}
}

@article{ref:1507.00966,
  title = {Dark Matter Benchmark Models for Early LHC Run-2 Searches: Report of the ATLAS/CMS
  Dark Matter Forum},
  author = {Abercrombie, D. and others},
  year = {2015},
  eprint = {1507.00966},
  archivePrefix = {arXiv},
  primaryClass = {hep-ex}
}

@article{ref:1603.04156,
  title = {Recommendations on presenting LHC searches for missing transverse energy signals
  using simplified $s$-channel models of dark matter},
  author = {Busoni, G. and others},
  editor = {Boveia, A. and others},
  year = {2016},
  eprint = {1603.04156},
  archivePrefix = {arXiv},
  primaryClass = {hep-ex},
  reportNumber = {CERN-LPCC-2016-001}
}

@article{ref:j.physletb.2014.02.037,
  title = {$Z\gamma$ production at hadron colliders in NNLO QCD},
  author = {Grazzini, M. and Kallweit, S. and Rathlev, D. and Torre, A.},
  journal = {Phys. Lett. B},
  volume = {731},
  year = {2014},
  pages = {204},
  doi = {10.1016/j.physletb.2014.02.037},
  doiurl = {https://doi.org/10.1016/j.physletb.2014.02.037},
  eprint = {1309.7000},
  archivePrefix = {arXiv}
}

@article{ref:JHEP12(2015)047,
  title = {Vector boson production at hadron colliders: transverse-momentum resummation and
  leptonic decay},
  author = {Catani, S. and de Florian, D. and Ferrera, G. and Grazzini, M.},
  journal = {JHEP},
  volume = {2015},
  year = {2015},
  article = {47},
  doi = {10.1007/JHEP12(2015)047},
  doiurl = {https://doi.org/10.1007/JHEP12(2015)047},
  eprint = {1507.06937},
  archivePrefix = {arXiv}
}

@article{ref:JHEP04(2015)018,
  title = {NLO QCD and electroweak corrections to $W + \gamma$ production with leptonic $W$-boson decays},
  author = {Denner, A. and Dittmaier, S. and Hecht, M. and Pasold, C.},
  journal = {JHEP},
  volume = {2015},
  year = {2015},
  article = {18},
  doi = {10.1007/JHEP04(2015)018},
  doiurl = {https://doi.org/10.1007/JHEP04(2015)018},
  eprint = {1412.7421},
  archivePrefix = {arXiv}
}

@article{ref:JHEP02(2016)057,
  title = {NLO QCD and electroweak corrections to $Z + \gamma$ production with leptonic $Z$-boson decays},
  author = {Denner, A. and Dittmaier, S. and Hecht, M. and Pasold, C.},
  journal = {JHEP},
  volume = {2016},
  year = {2016},
  article = {57},
  doi = {10.1007/JHEP02(2016)187},
  doiurl = {https://doi.org/10.1007/JHEP02(2016)187},
  eprint = {1510.08742},
  archivePrefix = {arXiv}
}

@article{ref:S0370-2693(98)00466-3,
  title = {The hierarchy problem and new dimensions at a millimeter},
  author = {Arkani-Hamed, N. and Dimopoulos, S. and Dvali, G.},
  journal = {Phys. Lett. B},
  volume = {429},
  year = {1998},
  pages = {263},
  doi = {10.1016/S0370-2693(98)00466-3},
  doiurl = {https://doi.org/10.1016/S0370-2693(98)00466-3},
  eprint = {hep-ph/9803315},
  archivePrefix = {arXiv}
}

@article{ref:S0550-3213(99)00044-9,
  title = {Quantum gravity and extra dimensions at high-energy colliders},
  author = {Giudice, G. and Rattazzi, R. and Wells, J.},
  journal = {Nucl. Phys. B},
  volume = {544},
  year = {1999},
  pages = {3},
  doi = {10.1016/S0550-3213(99)00044-9},
  doiurl = {https://doi.org/10.1016/S0550-3213(99)00044-9},
  eprint = {hep-ph/9811291},
  archivePrefix = {arXiv}
}

@article{ref:annurev.nucl.54.070103.181244,
  title = {Direct Detection of Dark Matter},
  author = {Gaitskell, R.},
  journal = {Annu. Rev. Nucl. Part. Sci.},
  volume = {54},
  year = {2004},
  pages = {315},
  doi = {10.1146/annurev.nucl.54.070103.181244},
  doiurl = {https://doi.org/10.1146/annurev.nucl.54.070103.181244}
}

@article{ref:S1062798717000783,
  title = {The Search for Dark Matter},
  author = {Baudis, L.},
  journal = {Eur. Rev.},
  volume = {26},
  year = {2018},
  pages = {70},
  doi = {10.1017/S1062798717000783},
  doiurl = {https://doi.org/10.1017/S1062798717000783},
  eprint = {1801.08128},
  archivePrefix = {arXiv}
}

@article{ref:s41550-017-0059,
  title = {How dark matter came to matter},
  author = {de Swart, J. and Bertone, G. and van Dongen, J.},
  journal = {Nature Astr.},
  volume = {1},
  year = {2017},
  pages = {0059},
  doi = {10.1038/s41550-017-0059},
  doiurl = {https://doi.org/10.1038/s41550-017-0059},
  eprint = {1703.00013},
  archivePrefix = {arXiv},
}

@article{ref:j.physrep.2004.08.031,
  title = {Particle dark matter: evidence, candidates and constraints},
  author = {Bertone, G. and Hooper, D. and Silk, J.},
  journal = {Phys. Rep.},
  volume = {405},
  year = {2005},
  pages = {279},
  doi = {10.1016/j.physrep.2004.08.031},
  doirul = {https://doi.org/10.1016/j.physrep.2004.08.031},
  eprint = {hep-ph/0404175},
  archivePrefix = {arXiv}
}

@article{ref:PhysRevLett.102.201802,
  title = {Measurement of the $Z\gamma \to \nu\bar{\nu}\gamma$ Production Cross Section
  and Limits on Anomalous $ZZ\gamma$ and $Z\gamma\gamma$ Couplings in $p\bar{p}$ Collisions
  at $\sqrt{s} = 1.96$ TeV},
  author = {Abazov, V. and others},
  journal = {Phys. Rev. Lett.},
  volume = {102},
  year = {2009},
  pages = {201802},
  doi = {10.1103/PhysRevLett.102.201802},
  doiurl = {https://doi.org/10.1103/PhysRevLett.102.201802}
}

@article{ref:PhysRevLett.107.051802,
  title = {Limits on Anomalous Trilinear Gauge Couplings in $Z\gamma$ Events
  from $p\bar{p}$ Collisions at $\sqrt{s} = 1.96$ TeV},
  author = {Aaltonen, T. and others},
  journal = {Phys. Rev. Lett.},
  volume = {107},
  year = {2011},
  pages = {051802},
  doi = {10.1103/PhysRevLett.107.051802},
  doiurl = {https://doi.org/10.1103/PhysRevLett.107.051802},
  eprint = {1103.2990},
  archivePrefix = {arXiv}
}

@article{ref:PhysRevD.85.052001,
  title = {$Z\gamma$ production and limits on anomalous $ZZ\gamma$ and $Z\gamma\gamma$
  couplings in $p\bar{p}$ collisions at $\sqrt{s} = 1.96$ TeV},
  author = {Abazov, V. and others},
  journal = {Phys. Rev. D},
  volume = {85},
  year = {2012},
  pages = {052001},
  doi = {10.1103/PhysRevD.85.052001},
  doiurl = {https://doi.org/10.1103/PhysRevD.85.052001},
  eprint = {1111.3684},
  archivePrefix = {arXiv}
}

@article{ref:PhysRevD.89.092005,
  title = {Measurement of the $W\gamma$ and $Z\gamma$ inclusive cross sections in
  $pp$ collisions at $\sqrt{s} = 7$ TeV and limits on anomalous triple gauge boson couplings},
  author = {Chatrchyan, S. and others},
  journal = {Phys. Rev. D},
  volume = {89},
  year = {2014},
  pages = {092005},
  doi = {10.1103/PhysRevD.89.092005},
  doiurl = {https://doi.org/10.1103/PhysRevD.89.092005},
  eprint = {1308.6832},
  archivePrefix = {arXiv}
}

@article{ref:JHEP10(2013)164,
  title = {Measurement of the production cross section for $Z\gamma \to \nu\bar{\nu}\gamma$
  in $pp$ collisions at $\sqrt{s} = 7$ TeV and limits on $ZZ\gamma$ and $Z\gamma\gamma$
  triple gauge boson couplings},
  author = {Chatrchyan, S. and others},
  journal = {JHEP},
  volume = {10},
  year = {2013},
  pages = {164},
  doi = {10.1007/JHEP10(2013)164},
  doiurl = {https://doi.org/10.1007/JHEP10(2013)164},
  eprint = {1309.1117},
  archivePrefix = {arXiv}
}

@article{ref:RevModPhys.89.035008,
  title = {Multiboson interactions at the LHC},
  author = {Green, D. and Meade, P. and Pleier, M.},
  journal = {Rev. Mod. Phys.},
  volume = {89},
  year = {2017},
  pages = {035008},
  doi = {10.1103/RevModPhys.89.035008},
  doiurl = {https://doi.org/10.1103/RevModPhys.89.035008},
  eprint = {1610.07572},
  archivePrefix = {arXiv}
}

@article{ref:CERN-EP-2018-220,
  title = {Measurement of the $Z\gamma \to \nu\bar{\nu}\gamma$ production cross section
  in $pp$ Collisions at $\sqrt{s} = 13$ TeV with the ATLAS detector and limits on
  anomalous triple gauge-boson couplings},
  author = {Aaboud, M. and others},
  journal = {JHEP},
  volume = {2018},
  year = {2018},
  pages = {10},
  doi = {10.1007/JHEP12(2018)010},
  doiurl = {https://doi.org/10.1007/JHEP12(2018)010},
  eprint = {1810.04995},
  archivePrefix = {arXiv}
}

@article{ref:JHEP07(2015)085,
  title = {$W\gamma$ and $Z\gamma$ production at the LHC in NNLO QCD},
  author = {Grazzini, M. and Kallweit, S. and Rathlev, D.},
  journal = {JHEP},
  volume = {2015},
  year = {2015},
  pages = {85},
  doi = {10.1007/JHEP07(2015)085},
  doirul = {https://doi.org/10.1007/JHEP07(2015)085},
  eprint = {1504.01330},
  archivePrefix = {arXiv}
}

@article{ref:epjc/s10052-018-5771-7,
  title = {Fully differential NNLO computations with MATRIX},
  author = {Grazzini, M. and Kallweit, S. and Wiesemann, M.},
  journal = {EPJ C},
  volume = {78},
  year = {2018},
  pages = {537},
  doi = {10.1140/epjc/s10052-018-5771-7},
  doiurl = {https://doi.org/10.1140/epjc/s10052-018-5771-7},
  eprint = {1711.06631},
  archivePrefix = {arXiv}
}

@article{ref:1126-6708/2009/02/007,
  title = {Event generation with SHERPA 1.1},
  author = {Gleisberg, T. and others},
  journal = {JHEP},
  volume = {2009},
  year = {2009},
  pages = {007},
  doi = {10.1088/1126-6708/2009/02/007},
  doiurl = {https://doi.org/10.1088/1126-6708/2009/02/007},
  eprint = {0811.4622},
  archivePrefix = {arXiv}
}

@article{ref:JHEP07(2011)018,
  title = {Vector boson pair production at the LHC},
  author = {Campbell, J. and Ellis, R. and Williams, C.},
  journal = {JHEP},
  volume = {2011},
  year = {2011},
  pages = {18},
  doi = {10.1007/JHEP07(2011)018},
  doiurl = {https://doi.org/10.1007/JHEP07(2011)018},
  eprint = {1105.0020},
  archivePrefix = {arXiv}
}

@article{ref:j.physletb.2016.06.080,
  title = {Measurement of the $Z\gamma \to \nu\bar{\nu}\gamma$
  production cross section in $pp$ collisions at $\sqrt{s} = 8$ TeV
  and limits on anomalous $ZZ\gamma$ and $Z\gamma\gamma$ trilinear
  gauge boson couplings},
  author = {Khachatryan, V. and others},
  journal = {Phys. Lett. B},
  volume = {760},
  year = {2016},
  pages = {448},
  doi = {10.1016/j.physletb.2016.06.080},
  doiurl = {https://doi.org/10.1016/j.physletb.2016.06.080},
  eprint = {1602.07152},
  archivePrefix = {arXiv}
}

@article{ref:j.physletb.2016.01.057,
  title = {Search for new phenomena in monophoton final states
  in proton-proton collisions at $\sqrt{s} = 8$ TeV},
  author = {Khachatryan, V. and others},
  journal = {Phys. Lett. B},
  volume = {755},
  year = {2016},
  pages = {102},
  doi = {10.1016/j.physletb.2016.01.057},
  doiurl = {https://doi.org/10.1016/j.physletb.2016.01.057},
  eprint = {1410.8812},
  archivePrefix = {arXiv}
}

@article{ref:PhysRevD.91.012008,
  title = {Search for new phenomena in events with a photon and missing
  transverse momentum in $pp$ collisions at $\sqrt{s} = 8$ TeV with the
  ATLAS detector},
  author = {Aad, G. and others},
  journal = {Phys. Rev. D},
  volume = {91},
  year = {2015},
  pages = {012008},
  doi = {10.1103/PhysRevD.91.012008},
  doiurl = {https://doi.org/10.1103/PhysRevD.91.012008},
  eprint = {1411.1559},
  archivePrefix = {arXiv}
}

@unpublished{ref:dmsummaryplots_ichep2016,
  title = {Dark Matter Summary Plots from CMS for ICHEP 2016},
  collaboration = {CMS Collaboration},
  note = {CERN-CMS-DP-2016-057},
  year = {2016}
}

@unpublished{ref:dmsummaryplots_ichep2018,
  title = {Searches for dark matter with CMS},
  author = {{Albert, A. on behalf of the CMS Collaboration}},
  note = {ICHEP 2018},
  year = {2018}
}

@article{ref:epjc/s10052-018-5740-1,
  title = {Search for new physics in events with a leptonically decaying $Z$ boson
  and a large transverse momentum imbalance in proton-proton collisions at $\sqrt{s} = 13$ TeV},
  author = {Sirunyan, A. and others},
  journal = {Eur. Phys. J. C},
  volume = {78},
  year = {2018},
  pages = {291},
  doi = {10.1140/epjc/s10052-018-5740-1},
  doiurl = {https://doi.org/10.1140/epjc/s10052-018-5740-1},
  eprint = {1711.00431},
  archivePrefix = {arXiv}
}

@article{ref:PhysRevD.97.092005,
  title = {Search for new physics in final states with an energetic jet or a hadronically
  decaying $W$ or $Z$ boson and transverse momentum imbalance at $\sqrt{s} = 13$ TeV},
  author = {Sirunyan, A. and others},
  journal = {Phys. Rev. D},
  volume = {97},
  year = {2018},
  pages = {092005},
  doi = {10.1103/PhysRevD.97.092005},
  doiurl = {https://doi.org/10.1103/PhysRevD.97.092005},
  eprint = {1712.02345},
  archivePrefix = {arXiv}
}

@article{ref:1810.00196,
  title = {Search for new physics in final states with a single photon and missing transverse
  momentum in proton-proton collisions at $\sqrt{s} = 13$ TeV},
  author = {Sirunyan, A. and others},
  year = {2018},
  eprint = {1810.00196},
  archivePrefix = {arXiv}
}

@article{ref:JHEP10(2017)073,
  title = {Search for new physics in the monophoton final state in proton-proton collisions
  at $\sqrt{s} = 13$ TeV},
  author = {Sirunyan, A. and others},
  journal = {JHEP},
  volume = {2017},
  year = {2017},
  pages = {73},
  doi = {10.1007/JHEP10(2017)073},
  doiurl = {https://doi.org/10.1007/JHEP10(2017)073},
  eprint = {1706.03794},
  archivePrefix = {arXiv}
}

@article{ref:epjc/s10052-017-4965-8,
  title = {Search for dark matter at $\sqrt{s} = 13$ TeV in final states containing
  an energetic photon and large missing transverse momentum with the ATLAS detector},
  author = {Aaboud, M. and others},
  journal = {Eur. Phys. J. C},
  volume = {77},
  year = {2017},
  pages = {393},
  doi = {10.1140/epjc/s10052-017-4965-8},
  doiurl = {https://doi.org/10.1140/epjc/s10052-017-4965-8},
  eprint = {1704.03848},
  archivePrefix = {arXiv}
}

@article{ref:PICO60-ATLAS,
  title = {Dark Matter Search Results from the PICO-60 $\mathrm{C}_{3}\mathrm{F}_{8}$ Bubble Chamber},
  author = {Amole, C. and others},
  journal = {Phys. Rev. Lett.},
  volume = {118},
  year = {2017},
  pages = {251301},
  doi = {10.1103/PhysRevLett.118.251301},
  doiurl = {https://doi.org/10.1103/PhysRevLett.118.251301},
  eprint = {1702.07666},
  archivePrefix = {arXiv}
}

@article{ref:LUX-SD-ATLAS,
  title = {Results on the Spin-Dependent Scattering of Weakly Interacting Massive Particles
  on Nucleons from the Run 3 Data of the LUX Experiment},
  author = {Akerib, D. and others},
  journal = {Phys. Rev. Lett.},
  volume = {116},
  year = {2016},
  pages = {161302},
  doi = {10.1103/PhysRevLett.116.161302},
  doiurl = {https://doi.org/10.1103/PhysRevLett.116.161302},
  eprint = {1602.03489},
  archivePrefix = {arXiv}
}

@article{ref:PANDAX-II-ATLAS,
  title = {Dark Matter Results from First 98.7 Days of Data from the PandaX-II Experiment},
  author = {Tan, A. and others},
  journal = {Phys. Rev. Lett.},
  volume = {117},
  year = {2016},
  pages = {121303},
  doi = {10.1103/PhysRevLett.117.121303},
  doiurl = {https://doi.org/10.1103/PhysRevLett.117.121303},
  eprint = {1607.07400},
  archivePrefix = {arXiv}
}

@article{ref:LUX-SI-ATLAS,
  title = {Results from a search for dark matter in the complete LUX exposure},
  author = {Akerib, D. and others},
  journal = {Phys. Rev. Lett.},
  volume = {118},
  year = {2017},
  pages = {021303},
  doi = {10.1103/PhysRevLett.118.021303},
  doiurl = {https://doi.org/10.1103/PhysRevLett.118.021303},
  eprint = {1608.07648},
  archivePrefix = {arXiv}
}

@article{ref:SuperCDMS-ATLAS,
  title = {New Results from the Search for Low-Mass Weakly Interacting Massive Particles
  with the CDMS Low Ionization Threshold Experiment},
  author = {Agnese, R. and others},
  journal = {Phys. Rev. Lett.},
  volume = {116},
  year = {2016},
  pages = {071301},
  doi = {10.1103/PhysRevLett.116.071301},
  doiurl = {https://doi.org/10.1103/PhysRevLett.116.071301},
  eprint = {1509.02448},
  archivePrefix = {arXiv}
}

@article{ref:CRESST-II-ATLAS,
  title = {Results on light dark matter particles with a low-threshold CRESST-II detector},
  author = {Angloher, G. and others},
  journal = {Eur. Phys. J. C},
  volume = {76},
  year = {2016},
  pages = {25},
  doi = {10.1140/epjc/s10052-016-3877-3},
  doiurl = {https://doi.org/10.1140/epjc/s10052-016-3877-3},
  eprint = {1509.01515},
  archivePrefix = {arXiv}
}

@article{ref:0264-9381/32/3/033001,
  title = {A review of short-range gravity experiments in the LHC era},
  author = {Murata, J. and Tanaka, S.},
  journal = {Class. Quant. Grav.},
  volume = {32},
  year = {2015},
  pages = {033001},
  doi = {10.1088/0264-9381/32/3/033001},
  doiurl = {https://doi.org/10.1088/0264-9381/32/3/033001},
  eprint = {1408.3588},
  archivePrefix = {arXiv}
}

@article{ref:9789812702227_0266,
  title = {Search For Extra Dimensions At LEP},
  author = {Ask, S.},
  journal = {Proceedings of the 32nd International
  Conference on High-Energy Physics},
  volume = {},
  year = {2005},
  pages = {1289},
  doi = {10.1142/9789812702227\_0266},
  doiurl = {https://doi.org/10.1142/9789812702227\_0266},
  eprint = {hep-ex/0410004},
  archivePrefix = {arXiv}
}

@article{ref:PhysRevLett.101.181602,
  title = {Search for Large Extra Dimensions in Final States
  Containing One Photon or Jet and Large Missing Transverse
  Energy Produced in $p\bar{p}$ Collisions at $\sqrt{s} = 1.96$ TeV},
  author = {Aaltonen, T. and others},
  journal = {Phys. Rev. Lett.},
  volume = {101},
  year = {2008},
  pages = {181602},
  doi = {10.1103/PhysRevLett.101.181602},
  doiurl = {https://doi.org/10.1103/PhysRevLett.101.181602},
  eprint = {0807.3132},
  archivePrefix = {arXiv}
}

@article{ref:j.physletb.2011.10.006,
  title = {Search for new phenomena with the monojet and missing
  transverse momentum signature using the ATLAS detector in $\sqrt{s} = 7$ TeV
  proton-proton collisions},
  author = {Aad, G. and others},
  journal = {Phys. Lett. B},
  volume = {705},
  year = {2011},
  pages = {294},
  doi = {10.1016/j.physletb.2011.10.006},
  doiurl = {https://doi.org/10.1016/j.physletb.2011.10.006},
  eprint = {1106.5327},
  archivePrefix = {arXiv}
}

@article{ref:PhysRevLett.110.011802,
  title = {Search for dark matter candidates and large extra
  dimensions in events with a photon and missing transverse
  momentum in $pp$ collision data at $\sqrt{s} = 7$ TeV with
  the ATLAS detector},
  author = {Aad, G. and others},
  journal = {Phys. Rev. Lett.},
  volume = {110},
  year = {2013},
  pages = {011802},
  doi = {10.1103/PhysRevLett.110.011802},
  doiurl = {https://doi.org/10.1103/PhysRevLett.110.011802},
  eprint = {1209.4625},
  archivePrefix = {arXiv}
}

@article{ref:epjconf/20146605021,
  title = {Search of non-standard strong gravity at nuclear scale
  using electron spin geodetic precession},
  author = {Tanaka, S. and others},
  journal = {EPJ Web of Conferences},
  volume = {66},
  year = {2014},
  pages = {05021},
  doi = {10.1051/epjconf/20146605021},
  doiurl = {https://doi.org/10.1051/epjconf/20146605021}
}

@article{ref:PhysRevD.32.3084,
  title = {Experimental tests of the gravitational inverse-square
  law for mass separations from 2 to 105 cm},
  author = {Hoskins, J. and others},
  journal = {Phys. Rev. D},
  volume = {32},
  year = {1985},
  pages = {3084},
  doi = {10.1103/PhysRevD.32.3084},
  doiurl = {https://doi.org/10.1103/PhysRevD.32.3084}
}

@article{ref:PhysRevLett.44.1645,
  title = {Test of the Gravitational Inverse-Square Law at
  Laboratory Distances},
  author = {Spero, R. and others},
  journal = {Phys. Rev. Lett.},
  volume = {44},
  year = {1980},
  pages = {1645},
  doi = {10.1103/PhysRevLett.44.1645},
  doiurl = {https://doi.org/10.1103/PhysRevLett.44.1645}
}

@article{ref:PhysRevLett.98.021101,
  title = {Tests of the Gravitational Inverse-Square Law below
  the Dark-Energy Length Scale},
  author = {Kapner, D. and others},
  journal = {Phys. rev. Lett.},
  volume = {98},
  year = {2007},
  pages = {021101},
  doi = {10.1103/PhysRevLett.98.021101},
  doiurl = {https://doi.org/10.1103/PhysRevLett.98.021101},
  eprint = {hep-ph/0611184},
  archivePrefix = {arXiv}
}

@article{ref:PhysRevD.78.022002,
  title = {Improved constraints on non-Newtonian forces at 10 microns},
  author = {Geraci, A. and others},
  journal = {Phys. Rev. D},
  volume = {78},
  year = {2008},
  pages = {022002},
  doi = {10.1103/PhysRevD.78.022002},
  doiurl = {https://doi.org/10.1103/PhysRevD.78.022002},
  eprint = {0802.2350},
  archivePrefix = {arXiv}
}

@article{ref:planck2018_cosparams,
  title = {Planck 2018 results. VI. Cosmological parameters},
  author = {Aghanim, N. and others},
  year = {2018},
  eprint = {1807.06209},
  archivePrefix = {arXiv}
}

@article{ref:lrr-2003-1,
  title = {Relativity in the Global Positioning System},
  author = {Ashby, N.},
  journal = {Living Rev. Relativ.},
  volume = {6},
  year = {2003},
  pages = {1},
  doi = {10.12942/lrr-2003-1},
  doiurl = {https://doi.org/10.12942/lrr-2003-1}
}

@article{ref:PhysRevLett.116.061102,
  title = {Observation of Gravitational Waves from a Binary Black Hole Merger},
  author = {Abbott, B. and others},
  journal = {Phys. Rev. Lett.},
  volume = {116},
  year = {2016},
  pages = {061102},
  doi = {10.1103/PhysRevLett.116.061102},
  doiurl = {https://doi.org/10.1103/PhysRevLett.116.061102},
  eprint = {1602.03837},
  archivePrefix = {arXiv}
}

@article{ref:PhysRevLett.116.221101,
  title = {Tests of general relativity with GW150914},
  author = {Abbott, B. and others},
  journal = {Phys. Rev. Lett.},
  volume = {116},
  year = {2016},
  pages = {221101},
  doi = {10.1103/PhysRevLett.116.221101},
  doiurl = {https://doi.org/10.1103/PhysRevLett.116.221101},
  eprint = {1602.03841},
  archivePrefix = {arXiv}
}

@article{ref:nature25767,
  title = {A galaxy lacking dark matter},
  author = {van Dokkum, P. and others},
  journal = {Nature},
  volume = {555},
  year = {2018},
  pages = {629},
  doi = {10.1038/nature25767},
  doiurl = {https://doi.org/10.1038/nature25767},
  eprint = {1803.10237},
  archivePrefix = {arXiv}
}

@article{ref:weaklensing,
  title = {Weak gravitational lensing},
  author = {Bartelmann, M. and Maturi, M.},
  year = {2016},
  eprint = {1612.06535},
  archivePrefix = {arXiv}
}

@article{ref:annurev-astro-081710-102514,
  title = {Cosmological Parameters from Observations of Galaxy Clusters},
  author = {Allen, S. and Evrard, A. and Mantz, A.},
  journal = {ARAA},
  volume = {49},
  year = {2011},
  pages = {409},
  doi = {10.1146/annurev-astro-081710-102514},
  doiurl = {https://doi.org/10.1146/annurev-astro-081710-102514},
  eprint = {1103.4829},
  archivePrefix = {arXiv}
}

@article{ref:mnras/stw3385,
  title = {Mapping substructure in the HST Frontier Fields cluster lenses
  and in cosmological simulations},
  author = {Natarajan, P. and others},
  journal = {Monthly Notices of the Royal Astronomical Society},
  volume = {468},
  year = {2017},
  pages = {1962},
  doi = {10.1093/mnras/stw3385},
  doiurl = {https://doi.org/10.1093/mnras/stw3385},
  eprint = {1702.04348},
  archivePrefix = {arXiv}
}

@article{ref:nature03597,
  title = {Simulating the joint evolution of quasars, galaxies and their large-scale
  distribution},
  author = {Springel, V. and others},
  journal = {Nature},
  volume = {435},
  year = {2005},
  pages = {629},
  doi = {10.1038/nature03597},
  doiurl = {https://doi.org/10.1038/nature03597},
  eprint = {astro-ph/0504097},
  archivePrefix = {arXiv}
}

@article{ref:508162,
  title = {A direct emprical proof of the existence of dark matter},
  author = {Clowe, D. and others},
  journal = {Astrophys. J.},
  volume = {648},
  year = {2006},
  pages = {L109},
  doi = {10.1086/508162},
  doiurl = {https://doi.org/10.1086/508162},
  eprint = {astro-ph/0608407},
  archivePrefix = {arXiv}
}

@article{ref:1748-0221/3/08/S08001,
  title = {LHC Machine},
  author = {Evans, L. and Bryant, P.},
  journal = {JINST},
  volume = {3},
  year = {2008},
  pages = {S08001},
  doi = {10.1088/1748-0221/3/08/S08001},
  doiurl = {https://doi.org/10.1088/1748-0221/3/08/S08001}
}

@article{ref:1748-0221/3/08/S08002,
  title = {The ALICE experiment at the CERN LHC},
  author = {Aamodt, K. and others},
  journal = {JINST},
  volume = {3},
  year = {2008},
  pages = {S08002},
  doi = {10.1088/1748-0221/3/08/S08002},
  doiurl = {https://doi.org/10.1088/1748-0221/3/08/S08002}
}

@article{ref:10.1088/1748-0221/3/08/S08003,
  title = {The ATLAS Experiment at the CERN Large Hadron Collider},
  author = {Aad, G. and others},
  journal = {JINST},
  volume = {3},
  year = {2008},
  pages = {S08003},
  doi = {10.1088/1748-0221/3/08/S08003},
  doiurl = {https://doi.org/10.1088/1748-0221/3/08/S08003}
}

@article{ref:1748-0221/3/08/S08004,
  title = {The CMS experiment at the CERN LHC},
  author = {Chatrchyan, S. and others},
  journal = {JINST},
  volume = {3},
  year = {2008},
  pages = {S08004},
  doi = {10.1088/1748-0221/3/08/S08004},
  doiurl = {https://doi.org/10.1088/1748-0221/3/08/S08004}
}

@article{ref:1748-0221/3/08/S08005,
  title = {The LHCb Detector at the LHC},
  author = {Alves, A. and others},
  journal = {JINST},
  volume = {3},
  year = {2008},
  pages = {S08005},
  doi = {10.1088/1748-0221/3/08/S08005},
  doiurl = {https://doi.org/10.1088/1748-0221/3/08/S08005}
}

@article{ref:1748-0221/10/11/P11011,
  title = {A novel Beam Halo Monitor for the CMS experiment at the LHC},
  author = {Orfanelli, S. and others},
  journal = {JINST},
  volume = {10},
  year = {2015},
  pages = {P11011},
  doi = {10.1088/1748-0221/10/11/P11011},
  doiurl = {https://doi.org/10.1088/1748-0221/10/11/P11011}
}

@article{ref:j.nima.2013.08.058,
  title = {Sources of machine-induced background in the ATLAS and CMS
  detectors at the CERN Large Hadron Collider},
  author = {Bruce, R. and others},
  journal = {J. Nucl. Inst. Meth. A},
  volume = {729},
  year = {2013},
  pages = {825},
  doi = {10.1016/j.nima.2013.08.058},
  doiurl = {https://doi.org/10.1016/j.nima.2013.08.058}
}

@article{ref:PAC.2003.1289077,
  title = {Correcting the LHC $\beta^\mathrm{*}$ at collision},
  author = {Wittmer, W. and Verdier, A. and Zimmermann, F.},
  journal = {Proceedings of the 2003 Particle Accelerator Conference},
  volume = {4},
  year = {2003},
  pages = {2237},
  doi = {10.1109/PAC.2003.1289077},
  doiurl = {https://doi.org/10.1109/PAC.2003.1289077}
}

@article{ref:PhysRevAccelBeams.20.091002,
  title = {Modeling of beam-induced damage of the LHC tertiary collimators},
  author = {Quaranta, E. and others},
  journal = {Phys. Rev. Accel. Beams},
  volume = {20},
  year = {2017},
  pages = {091002},
  doi = {10.1103/PhysRevAccelBeams.20.091002},
  doiurl = {https://doi.org/10.1103/PhysRevAccelBeams.20.091002}
}

@article{ref:PhysRevSTAB.18.061001,
  title = {Calculations of safe collimator settings and $\beta^\mathrm{*}$
  at the CERN Large Hadron Collider},
  author = {Bruce, R. and Assmann, R. and Redaelli, S.},
  journal = {Phys. Rev. Accel. Beams},
  volume = {18},
  year = {2015},
  pages = {061001},
  doi = {10.1103/PhysRevSTAB.18.061001},
  doiurl = {https://doi.org/10.1103/PhysRevSTAB.18.061001}
}

@article{ref:1748-0221/5/03/T03021,
  title = {Precise Mapping of the Magnetic Field in the CMS Barrel Yoke
  using Cosmic Rays},
  author = {Chatrchyan, S. and others},
  journal = {JINST},
  volume = {5},
  year = {2010},
  pages = {T03021},
  doi = {10.1088/1748-0221/5/03/T03021},
  doiurl = {https://doi.org/10.1088/1748-0221/5/03/T03021},
  eprint = {0910.5530},
  archivePrefix = {arXiv}
}

@article{ref:1742-6596/404/1/012043,
  title = {Mitigation of Anomalous APD signals in the CMS Electromagnetic Calorimeter},
  author = {Petyt, D.},
  journal = {J. Phys. Conf. Series},
  volume = {404},
  year = {2012},
  pages = {012043},
  doi = {10.1088/1742-6596/404/1/012043},
  doiurl = {https://doi.org/10.1088/1742-6596/404/1/012043}
}

@unpublished{ref:DN-2015/014,
  title = {Discussion on the limit of the performances of possible ECAL barrel electronics
  due to the increase of APD leakage current at HL-LHC},
  author = {Dejardin, M.},
  note = {CMS DN-2015/014},
  year = {2015}
}

@unpublished{ref:spikes_farzanehfar,
  title = {Mitigating high energy anomalous signals in the CMS
  barrel Electromagnetic Calorimeter},
  author = {Farzanehfar, A.},
  note = {Presentation at 30 June ECAL upgrade meeting},
  year = {2015}
}

@unpublished{ref:CMS-PAS-LUM-17-001,
  title = {CMS luminosity measurements for the 2016 data-taking
  period},
  author = {{CMS Collaboration}},
  note = {CMS-PAS-LUM-17-001},
  year = {2017}
}

@unpublished{ref:CERN-ISR-PO-68-31,
  title = {Calibration of the effective beam height in the ISR},
  author = {van der Meer, S.},
  note = {CERN-ISR-PO-68-31},
  year = {1968}
}

@article{ref:0370-2693(71)90576-4,
  title = {Deep inelastic electron scattering in perturbation theory},
  author = {Gribov, V. and Lipatov, L.},
  journal = {Phys. Lett. B},
  volume = {37},
  year = {1971},
  pages = {78},
  doi = {10.1016/0370-2693(71)90576-4},
  doiurl = {https://doi.org/10.1016/0370-2693(71)90576-4}
}

@article{ref:dokshitzer,
  title = {Calculation of the Structure Functions for Deep Inelastic Scattering and e+ e-
  Annihilation by Perturbation Theory in Quantum Chromodynamics},
  author = {Dokshitzer, Y.},
  journal = {Sov.Phys.JETP},
  volume = {46},
  year = {1977},
  pages = {641}
}

@article{ref:0550-3213(77)90384-4,
  title = {Asymptotic freedom in parton language},
  author = {Altarelli, G. and Parisi, G.},
  journal = {Nucl. Phys. B.},
  volume = {126},
  year = {1977},
  pages = {298},
  doi = {10.1016/0550-3213(77)90384-4},
  doiurl = {https://doi.org/10.1016/0550-3213(77)90384-4}
}

@article{ref:NNPDF30,
  title = {Parton distributions for the LHC run II},
  author = {Ball, R. and others},
  journal = {JHEP},
  volume = {2015},
  year = {2015},
  pages = {40},
  doi = {10.1007/JHEP04(2015)040},
  doiurl = {https://doi.org/10.1007/JHEP04(2015)040},
  eprint = {1410.8849},
  archivePrefix = {arXiv}
}

@article{ref:NNPDF31,
  title = {Parton distributions from high-precision collider data},
  author = {Ball, R. and others},
  journal = {EPJ C},
  volume = {77},
  year = {2017},
  pages = {663},
  doi = {10.1140/epjc/s10052-017-5199-5},
  doiurl = {https://doi.org/10.1140/epjc/s10052-017-5199-5},
  eprint = {1706.00428},
  archivePrefix = {arXiv}
}

@article{ref:JHEP07(2014)079,
  title = {The automated computation of tree-level and next-to-leading
  order differential cross sections, and their matching to parton shower
  simulations},
  author = {Alwall, J. and others},
  journal = {JHEP},
  volume = {2014},
  year = {2014},
  pages = {79},
  doi = {10.1007/JHEP07(2014)079},
  doiurl = {https://doi.org/10.1007/JHEP07(2014)079},
  eprint = {1405.0301},
  archivePrefix = {arXiv}
}

@article{ref:0034-4885/70/1/R02,
  title = {Hard Interactions of Quarks and Gluons: a Primer for LHC Physics},
  author = {Campbell, J. and Huston, J. and Stirling, W.},
  journal = {Rept. Prog. Phys.},
  volume = {70},
  year = {2007},
  pages = {89},
  doi = {10.1088/0034-4885/70/1/R02},
  doiurl = {https://doi.org/10.1088/0034-4885/70/1/R02},
  eprint = {hep-ph/0611148},
  archivePrefix = {arXiv}
}

@unpublished{ref:scalepdf_bendavid,
  title = {New MC Features for Analysis in 74x Plus more details on scale/PDF uncertainties},
  author = {Bendavid, J.},
  note = {Presentation at 4 November PPD general meeting},
  year = {2015}
}

@article{ref:j.cpc.2015.01.024,
  title = {An introduction to PYTHIA 8.2},
  author = {Sjöstrand, T. and others},
  journal = {Comp. Phys. Comm.},
  volume = {191},
  year = {2015},
  pages = {159},
  doi = {10.1016/j.cpc.2015.01.024},
  doiurl = {https://doi.org/10.1016/j.cpc.2015.01.024},
  eprint = {1410.3012},
  archivePrefix = {arXiv}
}

@article{ref:epjc/s10052-016-3988-x,
  title = {Event generator tunes obtained from underlying event and multiparton
  scattering measurements},
  author = {Khachatryan, V. and others},
  journal = {Eur. Phys. J. C},
  volume = {76},
  year = {2016},
  pages = {155},
  doi = {10.1140/epjc/s10052-016-3988-x},
  doiurl = {https://doi.org/10.1140/epjc/s10052-016-3988-x},
  eprint = {1512.00815},
  archivePrefix = {arXiv}
}

@article{ref:S0168-9002(03)01368-8,
  title = {GEANT4---a simulation toolkit},
  author = {Agostinelli, S. and others},
  journal = {Nucl. Inst. Meth. A},
  volume = {506},
  year = {2003},
  pages = {250},
  doi = {10.1016/S0168-9002(03)01368-8},
  doiurl = {https://doi.org/10.1016/S0168-9002(03)01368-8}
}

@article{ref:0954-3899/43/2/023001,
  title = {PDF4LHC recommendations for LHC Run II},
  author = {Butterworth, J. and others},
  journal = {J. Phys. G: Nucl. Part. Phys.},
  volume = {43},
  year = {2016},
  pages = {023001},
  doi = {10.1088/0954-3899/43/2/023001},
  doiurl = {https://doi.org/10.1088/0954-3899/43/2/023001},
  eprint = {1510.03865},
  archivePrefix = {arXiv}
}

@article{ref:1748-0221/12/10/P10003,
  title = {Particle-flow reconstruction and global event
  description with the CMS detector},
  author = {Sirunyan, A. and others},
  journal = {JINST},
  volume = {12},
  year = {2017},
  pages = {P10003},
  doi = {10.1088/1748-0221/12/10/P10003},
  doiurl = {https://doi.org/10.1088/1748-0221/12/10/P10003},
  eprint = {1706.04965},
  archivePrefix = {arXiv}
}

@article{ref:1748-0221/2/04/P04004,
  title = {Energy Resolution of the Barrel of the CMS Electromagnetic
  Calorimeter},
  author = {Adzic, P. and others},
  journal = {JINST},
  volume = {2},
  year = {2007},
  pages = {P04004},
  doi = {10.1088/1748-0221/2/04/P04004},
  doiurl = {https://doi.org/10.1088/1748-0221/2/04/P04004}
}

@article{ref:1748-0221/9/10/P10009,
  title = {Description and performance of track and primary-vertex
  reconstruction with the CMS tracker},
  author = {Chatrchyan, S. and others},
  journal = {JINST},
  volume = {9},
  year = {2014},
  pages = {P10009},
  doi = {10.1088/1748-0221/9/10/P10009},
  doiurl = {https://doi.org/10.1088/1748-0221/9/10/P10009},
  eprint = {1405.6569},
  archivePrefix = {arXiv}
}

@article{ref:1748-0221/10/06/P06005,
  title = {Performance of electron reconstruction and selection with the CMS detector
  in proton-proton collisions as $\sqrt{s} = 8$ TeV},
  author = {Khachatryan, V. and others},
  journal = {JINST},
  volume = {10},
  year = {2015},
  doi = {10.1088/1748-0221/10/06/P06005},
  doiurl = {https://doi.org/10.1088/1748-0221/10/06/P06005},
  eprint = {1502.02701},
  archivePrefix = {arXiv}
}

@article{ref:1748-0221/10/08/P08010,
  title = {Performance of photon reconstruction and identification
  with the CMS detector in proton-proton collisions at $\sqrt{s} = 8$ TeV},
  author = {Khachatryan, V. and others},
  journal = {JINST},
  volume = {10},
  year = {2015},
  pages = {P08010},
  doi = {10.1088/1748-0221/10/08/P08010},
  doiurl = {https://doi.org/10.1088/1748-0221/10/08/P08010},
  eprint = {1502.02702},
  archivePrefix = {arXiv}
}

@unpublished{ref:egammaclusterregression_2018,
  title = {PF cluster regression in Egamma},
  author = {{Jain, S. on behalf of the EGM group}},
  note = {Presentation at 20 November Particle flow study group meeting},
  year = {2018}
}

@unpublished{ref:cms_tdr_vol1,
  title = {CMS Physics: Technical Design Report Volume 1:
  Detector Performance and Software},
  author = {Bayatian, G. and others},
  note = {CMS-TDR-8-1},
  year = {2006}
}

@article{ref:1748-0221/7/10/P10002,
  title = {Performance of CMS muon reconstruction in pp collision
  events at $\sqrt{s} = 7$ TeV},
  author = {Chatrchyan, S. and others},
  journal = {JINST},
  volume = {7},
  year = {2012},
  pages = {P10002},
  doi = {10.1088/1748-0221/7/10/P10002},
  doiurl = {https://doi.org/10.1088/1748-0221/7/10/P10002},
  eprint = {1206.4071},
  archivePrefix = {arXiv}
}

@article{ref:rspa.1934.0140,
  title = {On the Stopping of Fast Particles and on the Creation of Positive
  Electrons},
  author = {Bethe, H. and Heitler, W.},
  journal = {Proc. R. Soc. London A},
  volume = {146},
  year = {1934},
  pages = {83},
  doi = {10.1098/rspa.1934.0140},
  doiurl = {https://doi.org/10.1098/rspa.1934.0140}
}

@article{ref:0954-3899/31/9/N01,
  title = {Reconstruction of electrons with the Gaussian-sum
  filter in the CMS tracker at the LHC},
  author = {Adam, W. and Frühwirth, R. and Strandlie, A. and Todorov, T.},
  journal = {J. Phys. G},
  volume = {31},
  year = {2005},
  pages = {N9},
  doi = {10.1088/0954-3899/31/9/N01},
  doiurl = {https://doi.org/10.1088/0954-3899/31/9/N01}
}

@article{ref:1126-6708/2008/04/063,
  title = {The anti-$k_{t}$ jet clustering algorithm},
  author = {Cacciari, M. and Salam, G. and Soyez, G.},
  journal = {JHEP},
  volume = {2008},
  year = {2008},
  pages = {063},
  doi = {10.1088/1126-6708/2008/04/063},
  doiurl = {https://doi.org/10.1088/1126-6708/2008/04/063},
  eprint = {0802.1189},
  archivePrefix = {arXiv}
}

@article{ref:epjc/s10052-010-1314-6,
  title = {Towards Jetography},
  author = {Salam, G.},
  journal = {Eur. Phys. J. C},
  volume = {67},
  year = {2010},
  pages = {637},
  doi = {10.1140/epjc/s10052-010-1314-6},
  doiurl = {https://doi.org/10.1140/epjc/s10052-010-1314-6},
  eprint = {0906.1833},
  archivePrefix = {arXiv}
}

@unpublished{ref:CMS-PAS-JME-14-001,
  title = {Pileup Removal Algorithms},
  author = {{The CMS Collaboration}},
  note = {CMS-PAS-JME-14-001},
  year = {2014}
}

@article{ref:1748-0221/12/02/P02014,
  title = {Jet energy scale and resolution in the
  CMS experiment in pp collisions at 8 TeV},
  author = {Khachatryan, V. and others},
  journal = {JINST},
  volume = {12},
  year = {2017},
  pages = {P02014},
  doi = {10.1088/1748-0221/12/02/P02014},
  doiurl = {https://doi.org/10.1088/1748-0221/12/02/P02014},
  eprint = {1607.03663},
  archivePrefix = {arXiv}
}

@unpublished{ref:CMS-DP-2018-028,
  title = {Jet energy scale and resolution performance
  with 13 TeV data collected by CMS in 2016},
  author = {{The CMS Collaboration}},
  note = {CMS-DP-2018-028},
  year = {2018}
}

@inbook{ref:lhcrun1harvest_ch3,
  title = {The Large Hadron Collider: Harvest of Run 1},
  editor = {Schörner-Sadneius, T.},
  chapter = {The LHC Detectors},
  year = {2015},
  publisher = {Springer International Publishing},
  doi = {10.1007/978-3-319-15001-7\_3},
  doiurl = {https://doi.org/10.1007/978-3-319-15001-7\_3}
}

@unpublished{ref:CMS-PAS-EGM-07-001,
  title = {Measuring Electron Efficiencies at CMS with Early Data},
  author = {{The CMS Collaboration}},
  note = {CMS-PAS-EGM-07-001},
  year = {2008}
}

@article{ref:j.physletb.2010.12.024,
  title          = {Production of Drell--Yan lepton pairs in hadron
                    collisions: Transverse-momentum resummation at
                    next-to-next-to-leading logarithmic accuracy},
  author         = {Bozzi, G. and Catani, S. and Ferrera, G.
                    and de Florian, D. and Grazzini, M.},
  journal        = {Phys. Lett. B},
  volume         = {696},
  year           = {2011},
  pages          = {207},
  doi            = {10.1016/j.physletb.2010.12.024},
  doiurl         = {https://doi.org/10.1016/j.physletb.2010.12.024},
  eprint         = {1007.2351},
  archivePrefix  = {arXiv},
}

@article{ref:epjc/s10052-017-5389-1,
      title          = {Precise predictions for V+jets dark matter
                        backgrounds},
      author         = {Lindert, J. and others},
      journal        = {Eur. Phys. J. C},
      volume         = {77},
      year           = {2017},
      pages          = {829},
      doi            = {10.1140/epjc/s10052-017-5389-1},
      doiurl         = {https://doi.org/10.1140/epjc/s10052-017-5389-1},
      eprint         = {1705.04664},
      archivePrefix  = {arXiv},
}

@article{ref:JHEP02(2019)074,
      title          = {Search for new physics in final states with a single photon
                        and missing transverse momentum in proton-proton collisions
                        at $\sqrt{s} = 13$ TeV},
      author         = {Sirunyan, A. and others},
      journal        = {JHEP},
      volume         = {2019},
      year           = {2019},
      pages          = {74},
      doi            = {10.1007/JHEP02(2019)074},
      doiurl         = {https://doi.org/10.1007/JHEP02(2019)074},
      eprint         = {1810.00196},
      archivePrefix  = {arXiv},
}

@article{ref:08-AOAS163,
      title          = {Open Statistical Issues in Particle Physics},
      author         = {Lyons, Louis},
      journal        = {Ann. Appl. Stat.},
      volume         = {2},
      year           = {2008},
      pages          = {887},
      doi            = {10.1214/08-AOAS163},
      doiurl         = {https://doi.org/10.1214/08-AOAS163},
      eprint         = {0811.1663},
      archivePrefix  = {arXiv},
}

@article{ref:HLLHC,
  title = {High-Luminosity Large Hadron Collider (HL-LHC). Technical Design Report V. 0.1},
  author = {Béjar Alonso, I. and others},
  journal = {CERN},
  year = {2017},
  doi = {10.23731/CYRM-2017-004},
  doiurl = {https://doi.org/10.23731/CYRM-2017-004}
}
